% LHC Instrumentation:
% https://cds.cern.ch/record/1129806?ln=en
@article{lhc,
      author = {Evans, Lyndon R and Bryant, Philip},
      title = {LHC Machine},
      journal = {JINST},
      volume = {3},
      pages = {S08001. 164 p},
      year = {2008},
      url = {https://cds.cern.ch/record/1129806},
      doi = {10.1088/1748-0221/3/08/S08001},
}

%----------------------------------------%

@article{GANforfastsim,
      author = {S.Vallecorsa},
      title = {Generative models for fast simulation},
      journal = {Journal of Physics: Conference Series},
      volume = {Volume 1085, Issue 2},
      pages = {10 p},
      year = {2018},
      url = {https://indico.cern.ch/event/567550/papers/2656673/files/5841-SofiaVallecorsa_Plenary.pdf},
      doi = {10.1088/1742-6596/1085/2/022005},
}

%----------------------------------------%

@article{GANforfastsim,
      author = {S.Vallecorsa},
      title = {Generative models for fast simulation},
      journal = {Journal of Physics: Conference Series},
      volume = {Volume 1085, Issue 2},
      pages = {10 p},
      year = {2018},
      url = {https://indico.cern.ch/event/567550/papers/2656673/files/5841-SofiaVallecorsa_Plenary.pdf},
      doi = {10.1088/1742-6596/1085/2/022005},
}

%----------------------------------------%

% WLCG website
@online{WLCG,
  author = {CERN},
  title = {Worldwide LHC Computing Grid},
  year = 2024,
  url = {https://wlcg.web.cern.ch/},
  urldate = {2024-03-21}
}

%----------------------------------------%

% HL-LHC website
@online{HL-LHC,
  author = {CERN},
  title = {High-Luminosity Large Hadron Collider (HL-LHC)},
  year = 2024,
  url = {https://home.cern/science/accelerators/high-luminosity-lhc},
  urldate = {2024-03-21}
}

%----------------------------------------%

@online{DALL-E,
  author = {OpenAI},
  title = {DALL·E: Creating images from text},
  year = 2024,
  url = {https://openai.com/research/dall-e},
  urldate = {2024-03-21}
}

%----------------------------------------%


@online{SORRA,
  author = {OpenAI},
  title = {Sora: Creating video from text},
  year = 2024,
  url = {https://openai.com/sora},
  urldate = {2024-03-21}
}

%----------------------------------------%

@online{Midjourney,
  author = {Midjourney},
  title = {Midjourney},
  year = 2024,
  url = {https://www.midjourney.com/home},
  urldate = {2024-03-21}
}

%----------------------------------------%

@online{Midjourney,
  author = {Midjourney},
  title = {Midjourney},
  year = 2024,
  url = {https://www.midjourney.com/home},
  urldate = {2024-03-21}
}

%----------------------------------------%

@article{Imagen,
      author = {Google Research, Brain Team},
      title = {Imagen
unprecedented photorealism × deep level of language understanding},
      year = {2024},
      url = {https://imagen.research.google/},

}

%----------------------------------------%

% Muon Detector TDR
% https://cds.cern.ch/record/343814
@techreport{ecal-tdr,
      author        = {Layter, J. G.},
      title         = {The CMS electromagnetic calorimeter project : Technical Design Report},
      publisher     = {CERN},
      collaboration = {CMS Collaboration},
      address       = {Geneva},
      series        = {Technical design report. CMS},
      year          = {1997},
      url           = {https://cds.cern.ch/record/349375},
}

%----------------------------------------%

@article{Mastnak,
      author = {Elijan Jakob Mastnak},
      title = {End-to-End Particle Classification
in High-Energy Physics},
      year = {2021},
      url = {https://ejmastnak.github.io/projects/seminar/paper.pdf},

}

%----------------------------------------%

@online{PetarV,
  author = {Petar Veličković},
  title = {Multilayer perceptron (MLP)},
  year = 2016,
  url = {https://github.com/PetarV-/TikZ/tree/master/Multilayer%20perceptron},
  urldate = {2024-03-21}
}

%----------------------------------------%

@online{Geant4,
  author = {CERN},
  title = {Geant4: Toolkit for the simulation of the passage of particles through matter},
  year = 2024,
  url = {https://geant4.web.cern.ch/},
  urldate = {2024-03-21}
}

%----------------------------------------%

@online{SGD,
  author = {Rahul_Roy},
  title = {ML | Stochastic Gradient Descent (SGD)},
  year = 2024,
  url = {https://www.geeksforgeeks.org/ml-stochastic-gradient-descent-sgd/},
  urldate = {2024-03-21}
}

%----------------------------------------%

@online{Overfitting,
  title = {Overfitting},
  year = 2024,
  url = {https://en.wikipedia.org/wiki/Overfitting},
  urldate = {2024-03-21}
}

%----------------------------------------%

@article{CNNim,
      author = {by Iuliana Tabian,Hailing Fu and Zahra Sharif Khodaei},
      title = {Generative models for fast simulation},
      journal = {Sensors 2019},
      volume = {19(22), 4933},
      year = {2019},
      url = {https://www.mdpi.com/1424-8220/19/22/4933},
      doi = {https://doi.org/10.3390/s192249335},
}

%----------------------------------------%

@article{weng2021diffusion,
  author  = "Weng, Lilian",
  title   = "What are diffusion models?",
  journal = "lilianweng.github.io",
  year    = "2021",
  month   = "Jul",
  url     = "https://lilianweng.github.io/posts/2021-07-11-diffusion-models/"
}

%----------------------------------------%

@online{antagonist,
  title = {Adversarial Examples: Definition and importance in machine learning},
  year = 2023,
  url = {https://datascientest.com/en/adversarial-examples-definition-and-importance-in-machine-learning},
  urldate = {2024-03-21}
}

%----------------------------------------%

@article{nonequilibrium-thermodynamics,
  author       = {Jascha Sohl{-}Dickstein and
                  Eric A. Weiss and
                  Niru Maheswaranathan and
                  Surya Ganguli},
  title        = {Deep Unsupervised Learning using Nonequilibrium Thermodynamics},
  journal      = {CoRR},
  volume       = {abs/1503.03585},
  year         = {2015},
  url          = {http://arxiv.org/abs/1503.03585},
  eprinttype    = {arXiv},
  eprint       = {1503.03585},
  timestamp    = {Mon, 13 Aug 2018 16:47:30 +0200},
  biburl       = {https://dblp.org/rec/journals/corr/Sohl-DicksteinW15.bib},
  bibsource    = {dblp computer science bibliography, https://dblp.org}
}

%----------------------------------------%

@article{DDPM,
  author       = {Jonathan Ho and
                  Ajay Jain and
                  Pieter Abbeel},
  title        = {Denoising Diffusion Probabilistic Models},
  journal      = {CoRR},
  volume       = {abs/2006.11239},
  year         = {2020},
  url          = {https://arxiv.org/abs/2006.11239},
  eprinttype    = {arXiv},
  eprint       = {2006.11239},
  timestamp    = {Tue, 23 Jun 2020 17:57:22 +0200},
  biburl       = {https://dblp.org/rec/journals/corr/abs-2006-11239.bib},
  bibsource    = {dblp computer science bibliography, https://dblp.org}
}

%----------------------------------------%

@online{Markov-chain,
  title = {Markov chain},
  year = 2024,
  url = {https://en.wikipedia.org/wiki/Markov_chain},
  urldate = {2024-03-21}
}

%----------------------------------------%

@article{DMs-beat-GANs,
  author       = {Prafulla Dhariwal and
                  Alex Nichol},
  title        = {Diffusion Models Beat GANs on Image Synthesis},
  journal      = {CoRR},
  volume       = {abs/2105.05233},
  year         = {2021},
  url          = {https://arxiv.org/abs/2105.05233},
  eprinttype    = {arXiv},
  eprint       = {2105.05233},
  timestamp    = {Fri, 14 May 2021 12:13:30 +0200},
  biburl       = {https://dblp.org/rec/journals/corr/abs-2105-05233.bib},
  bibsource    = {dblp computer science bibliography, https://dblp.org}
}

%----------------------------------------%

@article{DDIM,
  author       = {Jiaming Song and
                  Chenlin Meng and
                  Stefano Ermon},
  title        = {Denoising Diffusion Implicit Models},
  journal      = {CoRR},
  volume       = {abs/2010.02502},
  year         = {2020},
  url          = {https://arxiv.org/abs/2010.02502},
  eprinttype    = {arXiv},
  eprint       = {2010.02502},
  timestamp    = {Mon, 12 Oct 2020 17:53:10 +0200},
  biburl       = {https://dblp.org/rec/journals/corr/abs-2010-02502.bib},
  bibsource    = {dblp computer science bibliography, https://dblp.org}
}

%----------------------------------------%

@article{improved-DDIM,
  author       = {Yang Song and
                  Stefano Ermon},
  title        = {Improved Techniques for Training Score-Based Generative Models},
  journal      = {CoRR},
  volume       = {abs/2006.09011},
  year         = {2020},
  url          = {https://arxiv.org/abs/2006.09011},
  eprinttype    = {arXiv},
  eprint       = {2006.09011},
  timestamp    = {Thu, 01 Oct 2020 17:52:46 +0200},
  biburl       = {https://dblp.org/rec/journals/corr/abs-2006-09011.bib},
  bibsource    = {dblp computer science bibliography, https://dblp.org}
}

%----------------------------------------%

@online{FID,
  title = {
Toggle the table of contents
Fréchet inception distance},
  year = 2024,
  url = {https://en.wikipedia.org/wiki/Fr%C3%A9chet_inception_distance},
  urldate = {2024-03-21}
}

%----------------------------------------%

@article{biomedical,
  author       = {Olaf Ronneberger and
                  Philipp Fischer and
                  Thomas Brox},
  title        = {U-Net: Convolutional Networks for Biomedical Image Segmentation},
  journal      = {CoRR},
  volume       = {abs/1505.04597},
  year         = {2015},
  url          = {http://arxiv.org/abs/1505.04597},
  eprinttype    = {arXiv},
  eprint       = {1505.04597},
  timestamp    = {Mon, 13 Aug 2018 16:46:52 +0200},
  biburl       = {https://dblp.org/rec/journals/corr/RonnebergerFB15.bib},
  bibsource    = {dblp computer science bibliography, https://dblp.org}
}

%----------------------------------------%

@online{UNet,
  title = {U-Net Architecture Explained},
  year = 2023,
  url = {https://www.geeksforgeeks.org/u-net-architecture-explained/},
  urldate = {2024-03-21}
}

%----------------------------------------%

@misc{ILD,
      title={The International Large Detector: Letter of Intent}, 
      author={The ILD Concept Group},
      year={2010},
      eprint={1006.3396},
      archivePrefix={arXiv},
      primaryClass={hep-ex}
}

%----------------------------------------%

@article{CaloClouds1,
   title={CaloClouds: fast geometry-independent highly-granular calorimeter simulation},
   volume={18},
   ISSN={1748-0221},
   url={http://dx.doi.org/10.1088/1748-0221/18/11/P11025},
   DOI={10.1088/1748-0221/18/11/p11025},
   number={11},
   journal={Journal of Instrumentation},
   publisher={IOP Publishing},
   author={Buhmann, Erik and Diefenbacher, Sascha and Eren, Engin and Gaede, Frank and Kasicezka, Gregor and Korol, Anatolii and Korcari, William and Krüger, Katja and McKeown, Peter},
   year={2023},
   month=nov, pages={P11025} }

%----------------------------------------%

@misc{CaloClouds2,
      title={CaloClouds II: Ultra-Fast Geometry-Independent Highly-Granular Calorimeter Simulation}, 
      author={Erik Buhmann and Frank Gaede and Gregor Kasieczka and Anatolii Korol and William Korcari and Katja Krüger and Peter McKeown},
      year={2024},
      eprint={2309.05704},
      archivePrefix={arXiv},
      primaryClass={physics.ins-det}
}

%----------------------------------------%

@online{Wasserstein,
  title = {Wasserstein metric},
  year = 2024,
  url = {https://en.wikipedia.org/wiki/Wasserstein_metric},
  urldate = {2024-03-21}
}

%----------------------------------------%

dodaj tole not
https://iml-wg.github.io/HEPML-LivingReview/#diffusion-models
@online{CLANKI,
  title = {HEPML-LivingReview #diffusion-models},
  year = 2024,
  url = {https://iml-wg.github.io/HEPML-LivingReview/#diffusion-models},
  urldate = {2024-04-03}
}

%----------------------------------------%

@article{Geantclanek,
  title={Introduction to the Geant4 Simulation Toolkit},
  author={Cutajar, S. and Oborn, D. and Rosenfeld, B.},
  journal={Journal of Instrumentation},
  volume={6},
  pages={T10002},
  year={2011},
  url={https://ro.uow.edu.au/engpapers/1703/},
  DOI={10.1088/1748-0221/6/10/T10002}
}

%----------------------------------------%

@article{CalorimeterShower,
    doi = {10.1088/1742-6596/1085/2/022005},
    url = {https://dx.doi.org/10.1088/1742-6596/1085/2/022005},
    year = {2018},
    month = {sep},
    publisher = {IOP Publishing},
    volume = {1085},
    number = {2},
    pages = {022005},
    author = {S. Vallecorsa},
    title = {Generative models for fast simulation},
    journal = {Journal of Physics: Conference Series}
}



%----------------------------------------%